%% This BibTeX bibliography file was created using BibDesk.
%% http://bibdesk.sourceforge.net/

@inproceedings{Steele98,
 author = {Steele,Jr., Guy L.},
 title = {Growing a Language},
 booktitle = {Addendum to the 1998 Proceedings of the Conference on Object-oriented 
              Programming, Systems, Languages, and Applications (Addendum)},
 series = {OOPSLA '98 Addendum},
 year = {1998},
 isbn = {1-58113-286-7},
 location = {Vancouver, British Columbia, Canada},
 pages = {0.01--A1},
 url = {http://doi.acm.org/10.1145/346852.346922},
 doi = {10.1145/346852.346922},
 acmid = {346922},
 publisher = {ACM},
 address = {New York, NY, USA},
} 

@inproceedings{Codd85,
 author = {E. F. Codd},
 Title = {The 12 Rules},
 year = {1985},
 url = {http://computing.derby.ac.uk/c/codds-twelve-rules/}},
} 

@book{Kuhn1962,
  author    = {Thomas S. Kuhn}, 
  title     = {The Structure of Scientific Revolutions},
  publisher = {University of Chicago Press},
  year      = 1962,
  address   = {Chicago, IL},
  isbn      = {9780226458113}
}

@inproceedings{Stonebraker2005one,
   author = {Stonebraker, Michael and Cetintemel, Ugur},
   title = {"One Size Fits All": An Idea Whose Time Has Come and Gone},
   booktitle = {Proceedings of the 21st International Conference on Data Engineering},
   series = {ICDE '05},
   year = {2005},
   isbn = {0-7695-2285-8},
   pages = {2--11},
   numpages = {10},
   url = {http://dx.doi.org/10.1109/ICDE.2005.1},
   doi = {10.1109/ICDE.2005.1},
   acmid = {1054024},
   publisher = {IEEE Computer Society},
   address = {Washington, DC, USA},
}


@inproceedings{Gadepally2016,
  Author = {Gadepally, V and Chen, P. and Duggan, J. and Elmore, A. and Haynes, B. 
            and Kepner, J. and Madden, S. and Mattson, T. and Stonebraker, M.},
  Booktitle = {High Performance Extreme Computing Conference (HPEC), 2016 IEEE},
  Date-Added = {2016-05-22 18:23:08 +0000},
  Date-Modified = {2016-05-22 18:24:35 +0000},
  Doi = {10.1109/HPEC.2015.7322472},
  Month = {Sept},
  Pages = {Submitted},
  Title = {The BigDAWG Polystore System},
  Year = {2016},
  Bdsk-Url-1 = {http://dx.doi.org/10.1109/HPEC.2015.7322472}
}

@conference{ieeeviz2015,
  Author = {Adam Dziedzic and Jennie Duggan and Aaron J. Elmore and Vijay Gadepally},
  Booktitle = {Workshop on Data Systems for Interactive Analysis ({DSIA}) at {IEEE} {VIS} 2015},
  Date-Added = {2016-05-19 20:50:57 +0000},
  Date-Modified = {2016-05-19 20:52:31 +0000},
  Title = {{BigDAWG}: a Polystore for Diverse Interactive Applications},
  Year = {2015}
}

@inproceedings{She2016,
  Author = {Zuohao, S. and Duggan, J.},
  Booktitle = {High Performance Extreme Computing Conference (HPEC), 2016 IEEE},
  Date-Added = {2016-05-15 16:29:09 +0000},
  Date-Modified = {2016-05-15 16:29:36 +0000},
  Doi = {10.1109/HPEC.2015.7322472},
  Month = {Sept},
  Pages = {Submitted},
  Title = {The BigDawg Executor},
  Year = {2016},
  Bdsk-Url-1 = {http://dx.doi.org/10.1109/HPEC.2015.7322472}
}

@inproceedings{Dziedzic2016,
   Author = {Dziedzic, A. and Elmore, A.},
   Booktitle = {High Performance Extreme Computing Conference (HPEC), 2016 IEEE},
   Date-Added = {2016-05-15 16:26:09 +0000},
   Date-Modified = {2016-05-15 16:27:01 +0000},
   Doi = {10.1109/HPEC.2015.7322472},
   Month = {Sept},
   Pages = {Submitted},
   Title = {The BigDAWG migrator},
   Year = {2016},
   Bdsk-Url-1 = {http://dx.doi.org/10.1109/HPEC.2015.7322472}
}

@inproceedings{Gupta2016,
   Author = {Gupta, A. and Gadepally, V. and Stonebraker, M.},
   Booktitle = {High Performance Extreme Computing Conference (HPEC), 2016 IEEE},
   Date-Added = {2016-05-15 16:25:15 +0000},
   Date-Modified = {2016-05-15 16:25:42 +0000},
   Doi = {10.1109/HPEC.2015.7322472},
   Month = {Sept},
   Pages = {Submitted},
   Title = {Cross-Engine Query Execution in Federated Database Systems},
   Year = {2016},
   Bdsk-Url-1 = {http://dx.doi.org/10.1109/HPEC.2015.7322472}
}

@inproceedings{Chen2016,
   Author = {Chen, P. and Gadepally, V. and Stonebraker, M.},
   Booktitle = {High Performance Extreme Computing Conference (HPEC), 2016 IEEE},
   Date-Added = {2016-05-15 16:21:03 +0000},
   Date-Modified = {2016-05-15 16:22:52 +0000},
   Doi = {10.1109/HPEC.2015.7322472},
   Month = {Sept},
   Pages = {Submitted},
   Title = {The BigDawg Monitoring Framework},
   Year = {2016},
   Bdsk-Url-1 = {http://dx.doi.org/10.1109/HPEC.2015.7322472}
}

@inproceedings{Saeed2006novel,
   Author = {Saeed, Mohammed and Mark, Roger G},
   Booktitle = {AMIA},
   Date-Added = {2016-05-15 15:20:37 +0000},
   Date-Modified = {2016-05-15 15:20:37 +0000},
   Title = {A novel method for the efficient retrieval of similar multiparameter 
            physiologic time series using wavelet-based symbolic representations.},
   Year = {2006} 
}



@article{Duggan2015,
   Author = { Duggan, J. and Elmore, A. J. and Stonebraker, M. and Balazinska, M. 
              and Howe, B. and Kepner, J. and  Madden, S. and Maier, D. and 
              Mattson, T. and Zdonik, S. },
   Journal = {Sigmod Record},
   Number = {3},
   Pages = {11--16},
   Publisher = {ACM},
   Title = {the BigDAWG Polystore System},
   Volume = {44},
   Year = {2015}
}

@article{Cudre2009demo,
   Author = {Cudr{\'e}-Mauroux, Philippe and Kimura, Hideaki and Lim, K-T and 
            Rogers, Jennie and Simakov, Roman and Soroush, Emad and Velikhov, Pavel and 
            Wang, Daniel L and Balazinska, Magdalena and Becla, Jacek and others},
   Date-Added = {2016-05-12 23:39:52 +0000},
   Date-Modified = {2016-05-12 23:39:52 +0000},
   Journal = {Proceedings of the VLDB Endowment},
   Number = {2},
   Pages = {1534--1537},
   Publisher = {VLDB Endowment},
   Title = {A demonstration of SciDB: a science-oriented DBMS},
   Volume = {2},
   Year = {2009}
}

@article{Dewitt1992parallel,
   Author = {DeWitt, David and Gray, Jim},
   Date-Added = {2016-05-11 16:01:28 +0000},
   Date-Modified = {2016-05-11 16:01:28 +0000},
   Journal = {Communications of the ACM},
   Number = {6},
   Pages = {85--98},
   Publisher = {ACM},
   Title = {Parallel database systems: the future of high performance database systems},
   Volume = {35},
   Year = {1992}
}

@article{Sheth1990federated,
   Author = {Sheth, Amit P and Larson, James A},
   Date-Added = {2016-05-11 16:00:05 +0000},
   Date-Modified = {2016-05-11 16:00:05 +0000},
   Journal = {ACM Computing Surveys (CSUR)},
   Number = {3},
   Pages = {183--236},
   Publisher = {ACM},
   Title = {Federated database systems for managing distributed, heterogeneous, and autonomous databases},
   Volume = {22},
   Year = {1990}
}

@article{Gassner1993query,
   Author = {Gassner, Peter and Lohman, Guy M. and Schiefer, K Bernhard and Wang, Yun},
   Date-Added = {2016-05-11 15:13:55 +0000},
   Date-Modified = {2016-05-11 15:13:55 +0000},
   Journal = {IEEE Data Eng. Bull.},
   Number = {4},
   Pages = {4--18},
   Title = {Query optimization in the IBM DB2 family},
   Volume = {16},
   Year = {1993}
}

@inproceedings{Carey1995towards,
   Author = {Carey, Michael J and Haas, Laura M and Schwarz, Peter M and Arya, Manish and 
             Cody, WE and Fagin, Ronald and Flickner, Myron and Luniewski, Allen W and 
             Niblack, Wayne and Petkovic, Dragutin and others},
   Booktitle = {Research Issues in Data Engineering, 1995: Distributed Object Management, 
                Proceedings. RIDE-DOM'95. Fifth International Workshop on},
   Date-Added = {2016-05-11 15:03:51 +0000},
   Date-Modified = {2016-05-11 15:03:51 +0000},
   Organization = {IEEE},
   Pages = {124--131},
   Title = {Towards heterogeneous multimedia information systems: The Garlic approach},
   Year = {1995}
}

@article{Elmore2015demo,
   Author = {Elmore, A and Duggan, J and Stonebraker, M and Balazinska, M and 
             Cetintemel, U and Gadepally, V and Heer, J and Howe, B and Kepner, J and 
             Kraska, T and Madden, S and Maier, D and Mattson, T and Papadopoulos, S 
             and Parkhurst, J and  Tatbul, N and Vartek, M and  Zdonik, S},
   Date-Added = {2015-12-29 15:30:45 +0000},
   Date-Modified = {2015-12-29 15:30:45 +0000},
   Journal = {Proceedings of the VLDB Endowment},
   Number = {12},
   Pages = {1908--1911},
   Publisher = {VLDB Endowment},
   Title = {A demonstration of the BigDAWG polystore system},
   Volume = {8},
   Year = {2015}
}

@inproceedings{Nordbotten1991,
   Author = {Nordbotten, J.C.},
   Booktitle = {DM workshop on Multidatabase systems},
   Organization = {University of Bergen},
   url = {http://nordbotten.com/joan/publications/1991\_Multi-DBS.pdf},
   Title = {MultiDatabase systems},
   Year = {1991} 
}


@inproceedings{Hutchison2015graphulo,
   Author = {Hutchison, Dylan and Kepner, Jeremy and Gadepally, Vijay and Fuchs, Adam},
   Booktitle = {High Performance Extreme Computing Conference (HPEC), 2015 IEEE},
   Date-Added = {2015-12-29 15:15:11 +0000},
   Date-Modified = {2015-12-29 15:15:11 +0000},
   Organization = {IEEE},
   Pages = {1--7},
   Title = {Graphulo implementation of server-side sparse matrix multiply in the Accumulo database},
   Year = {2015} 
}

@article{Vartak2014seedb,
   Author = {Vartak, Manasi and Madden, Samuel and Parameswaran, Aditya and Polyzotis, Neoklis},
   Date-Added = {2015-12-29 15:14:19 +0000},
   Date-Modified = {2015-12-29 15:14:19 +0000},
   Journal = {Proceedings of the VLDB Endowment},
   Number = {13},
   Pages = {1581--1584},
   Publisher = {VLDB Endowment},
   Title = {SEEDB: automatically generating query visualizations},
   Volume = {7},
   Year = {2014}
}

@inproceedings{Battle2013dynamic,
  Author = {Battle, Leilani and Stonebraker, Michael and Chang, Ronald},
  Booktitle = {Big Data, 2013 IEEE International Conference on},
  Date-Added = {2015-12-29 15:12:57 +0000},
  Date-Modified = {2015-12-29 15:12:57 +0000},
  Organization = {IEEE},
  Pages = {1--8},
  Title = {Dynamic reduction of query result sets for interactive visualizaton},
  Year = {2013}
}

@article{Satyanarayan2016reactive,
  Author = {Satyanarayan, Arvind and Russell, Ryan and Hoffswell, Jane and Heer, Jeffrey},
  Date-Added = {2015-12-29 15:11:28 +0000},
  Date-Modified = {2015-12-29 15:11:28 +0000},
  Journal = {Visualization and Computer Graphics, IEEE Transactions on},
  Number = {1},
  Pages = {659--668},
  Publisher = {IEEE},
  Title = {Reactive Vega: A Streaming Dataflow Architecture for Declarative Interactive Visualization},
  Volume = {22},
  Year = {2016}
}

@article{Bostock2011d3,
   Author = {Bostock, Michael and Ogievetsky, Vadim and Heer, Jeffrey},
   Date-Added = {2015-12-29 15:10:29 +0000},
   Date-Modified = {2015-12-29 15:10:29 +0000},
   Journal = {Visualization and Computer Graphics, IEEE Transactions on},
   Number = {12},
   Pages = {2301--2309},
   Publisher = {IEEE},
   Title = {D$^3$ data-driven documents},
   Volume = {17},
   Year = {2011}
}

@article{Cetintemel2014s,
   Author = {Cetintemel, Ugur and Du, Jiang and Kraska, Tim and Madden, Samuel 
          and Maier, David and Meehan, John and Pavlo, Andrew and Stonebraker, Michael 
          and Sutherland, Erik and Tatbul, Nesime and others},
   Date-Added = {2015-12-29 15:06:41 +0000},
   Date-Modified = {2015-12-29 15:06:41 +0000},
   Journal = {Proceedings of the VLDB Endowment},
   Number = {13},
   Pages = {1633--1636},
   Publisher = {VLDB Endowment},
   Title = {S-store: A streaming newsql system for big velocity applications},
   Volume = {7},
   Year = {2014}
}

@inproceedings{Halperin2014demo,
   Author = {Halperin, Daniel and Teixeira de Almeida, Victor and Choo, Lee Lee and 
             Chu, Shumo and Koutris, Paraschos and Moritz, Dominik and Ortiz, Jennifer and 
             Ruamviboonsuk, Vaspol and Wang, Jingjing and Whitaker, Andrew and others},
   Booktitle = {Proceedings of the 2014 ACM SIGMOD international conference on Management of data},
   Date-Added = {2015-12-29 15:04:50 +0000},
   Date-Modified = {2015-12-29 15:04:50 +0000},
   Organization = {ACM},
   Pages = {881--884},
   Title = {Demonstration of the Myria big data management service},
   Year = {2014}
}

@article{Saeed2011multiparameter,
	Author = {Saeed, Mohammed and Villarroel, Mauricio and Reisner, Andrew T and Clifford, Gari and Lehman, Li-Wei and Moody, George and Heldt, Thomas and Kyaw, Tin H and Moody, Benjamin and Mark, Roger G},
	Date-Added = {2015-12-23 14:48:29 +0000},
	Date-Modified = {2015-12-23 14:48:29 +0000},
	Journal = {Critical care medicine},
	Number = {5},
	Pages = {952},
	Publisher = {NIH Public Access},
	Title = {Multiparameter Intelligent Monitoring in Intensive Care II (MIMIC-II): a public-access intensive care unit database},
	Volume = {39},
	Year = {2011}}

@article{Stonebreaker2013,
	Author = {Stonebraker, M. and Brown, P. and Donghui Zhang and Becla, J.},
	Doi = {10.1109/MCSE.2013.19},
	Issn = {1521-9615},
	Journal = {Computing in Science Engineering},
	Month = {May},
	Number = {3},
	Pages = {54-62},
	Title = {SciDB: A Database Management System for Applications with Complex Analytics},
	Volume = {15},
	Year = {2013},
	Bdsk-Url-1 = {http://dx.doi.org/10.1109/MCSE.2013.19}}

@inproceedings{Kepner2012,
	Author = {Kepner, J. and Arcand, W. and Bergeron, W. and Bliss, N. and Bond, R. and Byun, C. and Condon, G. and Gregson, K. and Hubbell, M. and Kurz, J. and McCabe, A. and Michaleas, P. and Prout, A. and Reuther, A. and Rosa, A. and Yee, C.},
	Booktitle = {Acoustics, Speech and Signal Processing (ICASSP), 2012 IEEE International Conference on},
	Doi = {10.1109/ICASSP.2012.6289129},
	Issn = {1520-6149},
	Month = {March},
	Pages = {5349-5352},
	Title = {Dynamic distributed dimensional data model (D4M) database and computation system},
	Year = {2012},
	Bdsk-Url-1 = {http://dx.doi.org/10.1109/ICASSP.2012.6289129}}

@inproceedings{Gadepally2015,
   Author = {Gadepally, V. and Kepner, J. and Arcand, W. and Bestor, D. and 
             Bergeron, B. and Byun, C. and Edwards, L. and Hubbell, M. and 
             Michaleas, P. and Mullen, J. and Prout, A. and Rosa, A. and 
             Yee, C. and Reuther, A.},
   Booktitle = {High Performance Extreme Computing Conference (HPEC), 2015 IEEE},
   Doi = {10.1109/HPEC.2015.7322472},
   Month = {Sept},
   Pages = {1-6},
   Title = {D4M: Bringing associative arrays to database engines},
   Year = {2015},
   Bdsk-Url-1 = {http://dx.doi.org/10.1109/HPEC.2015.7322472}
}

@inproceedings{Kepner2014,
	Author = {Kepner, J. and Arcand, W. and Bestor, D. and Bergeron, B. and Byun, C. and Gadepally, V. and Hubbell, M. and Michaleas, P. and Mullen, J. and Prout, A. and Reuther, A. and Rosa, A. and Yee, C.},
	Booktitle = {High Performance Extreme Computing Conference (HPEC), 2014 IEEE},
	Doi = {10.1109/HPEC.2014.7040945},
	Month = {Sept},
	Pages = {1-6},
	Title = {Achieving 100,000,000 database inserts per second using Accumulo and D4M},
	Year = {2014},
	Bdsk-Url-1 = {http://dx.doi.org/10.1109/HPEC.2014.7040945}}

@inproceedings{d4m2.0,
	Author = {Kepner, J. and Anderson, C. and Arcand, W. and Bestor, D. and Bergeron, B. and Byun, C. and Hubbell, M. and Michaleas, P. and Mullen, J. and O'Gwynn, D. and Prout, A. and Reuther, A. and Rosa, A. and Yee, C.},
	Booktitle = {High Performance Extreme Computing Conference (HPEC), 2013 IEEE},
	Doi = {10.1109/HPEC.2013.6670318},
	Month = {Sept},
	Pages = {1-6},
	Title = {D4M 2.0 schema: A general purpose high performance schema for the Accumulo database},
	Year = {2013},
	Bdsk-Url-1 = {http://dx.doi.org/10.1109/HPEC.2013.6670318}}

@article{Haar1910theorie,
	Author = {Haar, Alfred},
	Date-Added = {2016-05-15 15:19:09 +0000},
	Date-Modified = {2016-05-15 15:19:09 +0000},
	Journal = {Mathematische Annalen},
	Number = {3},
	Pages = {331--371},
	Publisher = {Springer},
	Title = {Zur theorie der orthogonalen funktionensysteme},
	Volume = {69},
	Year = {1910}}

@inproceedings{musketeer2015,
   title = {Musketeer: all for one, one for all in data processing systems},
   author = {Gog, Ionel and Schwarzkopf, Malte and Crooks, Natacha and 
             Grosvenor, Matthew P. and Clement, Allen and Hand, Steven},
   booktitle = {Proceedings of the 10\textsuperscript{th} ACM 
                European Conference on Computer Systems (EuroSys)},
   year = 2015,
   month = apr,
   location = {Bordeaux, France},
   pages = {2:1--2:16},
   url = {http://doi.acm.org/10.1145/2741948.2741968},
   doi = {10.1145/2741948.2741968},
 }

@inproceedings{polybase2013,
   title = {Split Query Processing in Polybase},
   author = { David J. DeWitt and  Alan Halverson and  
              Rimma Nehme and Srinath Shankar  and 
              Josep Aguilar-Saborit and Artin Avanes and
              Miro Flasza and Jim Gramling},
   booktitle = {Proceedings of SIGMOD},
   year = 2013
 }

@inproceedings{cloudMdSQL2016,
   title = {Design and Implementation of the CloudMdsQL Multistore System},
   author = {Boyan Kolev and Carlyna Bondiombouy and 
             Oleksandra Levchenko and  Patrick Valduriez and
             Ricardo Jimenez and Raquel Pau and Jose Pereira},
   booktitle = {Proceedings of the 6th International Conference on 
                Cloud Computing and Services Science (CLOSER 2016)},
   pages = {352--359},
   Volume = {1},
   year = 2016
 }


@inproceedings{miso2014,
   title = {MISO: Souping Up Big Data Query Processing with 
            a Multistore System},
   author = {Jeff LeFevre and Jagan Sankaranarayanan and
             Hakan Hacıgümüs and Junichi Tatemura and 
             Neoklis Polyzotis and Michael J. Carey},
   booktitle = {Proceedings of SIGMOD},
   url = {http://dx.doi.org/10.1145/2588555.2588568},
   year = 2014
 }


@inproceedings{odyssey2013,
   title = {Odyssey: A multistore system for evolutionary Analytics},
   author = {Hakan Hacıgümüs and Jagan Sankaranarayanan and
             Junichi Tatemura and Jeff LeFevre and 
             Neoklis Polyzotis},
   Journal = {Proceedings of the VLDB Endowment},
   Publisher = {VLDB Endowment},
   year = 2013
 }

